111111222233334444122002032002102000000002463439783ACCOUNT NAME ************
22    22222002032002041240810000000000239900000000000000000000001234567890123456
2301COMPRA TARG 1234XXXXXXXX3456 SHOP TO BUY SEVERAL THINGS IN THERE.
22    2222200203200203032041000000000070290000000000AHSOWMSOWI8765SJWISU76WU
2301INSURANCE COMPANY ABC DEF GHI JKL MNO PQRS TUVWXYZ                        
22    2222200203200203032041000000000070290000000000A224E4ERF000000000123FFF
2301INSURANCE COMPANY ABC DEF GHI JKL MNO PQRS TUVWXYZ                        
22    22222002032002061240810000000001385700000000000000000000001234567890123456
2301CREDIT CARD 1234567890123456 1234 .SUPERMARKET WHATEVER NAME INC.
22    22222002032002031240810000000000010000000000000000000000001234567890123456
2301CREDIT CARD 1234567890123456 1234 .CAR GARAGE REPAIR.
22    2222200205200205032271000000000096000000000000FFF111FFF111FFF1
2301SCHOOL OF ENGLISH ABC INC
22    2222200205200205032271000000000096000000000000FFF111FFF111FFF1
2301SCHOOL OF ENGLISH ABC INC
22    2222200205200205150302000000000500000000000000000000000000                
2301PAYROLL
22    22222002102002101240810000000000432500000000000000000000001234567890123456
2301CREDIT CARD 1234567890123456 1234 .CINEMA TICKETS.
22    22222002102002101240810000000000051500000000000000000000001234567890123456
2301CREDIT CARD 1234567890123456 1234 .CARK PARK SERVICE
22    22222002102002111240810000000000046500000000000000000000001234567890123456
2301CREDIT CARD 1234567890123456 1234 .CARK PARK SERVICE
22    22222002102002111240810000000000360000000000000000000000001234567890123456
2301CREDIT CARD 1234567890123456 1234 .LIVE CONCERT
22    22222002102002111240810000000000193100000000000000000000001234567890123456
2301CREDIT CARD 1234567890123456 1234 .RESTARUANT BON APETIT
22    22222002102002121240810000000000267000000000000000000000001234567890123456
2301CREDIT CARD 1234567890123456 1234 .FAST FOOD RESTAURANT
22    2222200210200210032271000000000024200000000000ZZZWWDE53623609382735263
2301LAWYERS SERVICE
22    22222002102002131240810000000000064400000000000000000000001234567890123456
2301CREDIT CARD 1234567890123456 SUPERMARKET
3311112222333344441200015000000000661840000100000000050000200000000230159978    
88999999999999999999000034